Automatically generated by Mendeley Desktop 1.17.13
Any changes to this file will be lost if it is regenerated by Mendeley.

BibTeX export options can be customized via Options -> BibTeX in Mendeley Desktop

@inproceedings{Harris1988,
address = {Manchester, UK},
author = {Harris, Chris and Stephens, Mike},
booktitle = {Alvey Vision Conference},
pages = {147--152},
title = {{A Combined Corner and Edge Detector}},
month={sep},
year = {1988}
}

@inproceedings{Alahi2012,
address = {Providence, USA},
author = {Alahi, A. and Ortiz, R. and Vandergheynst, P.},
booktitle = {IEEE Conference on Computer Vision and Pattern Recognition (CVPR)},
month = {jun},
pages = {510--517},
publisher = {IEEE},
title = {{FREAK: Fast Retina Keypoint}},

year = {2012}
}

@book{Hartley2004,
address = {Cambridge, Oxford, UK},
author = {Hartley, Richard and Zisserman, Andrew},
booktitle = {Multiple View Geometry in Computer Vision},
edition = {2},
pages = {1--670},
publisher = {Cambridge University Press},
title = {{Multiple View Geometry in Computer Vision}},
year = {2004}
}

@Book{goodfellow2016,
author = {Goodfellow, Ian and Bengio, Yoshua and Courville, Aaron},
title = {Deep Learning},
series = {{Adaptive Computation and Machine Learning Series}},
publisher = {MIT press},
year = {2016},
address = {Cambridge, England},
edition = {}

}


@inproceedings{Boser1992,
address = {Pittsburgh, USA},
author = {Boser, Bernhard E. and Guyon, Isabelle M. and Vapnik, Vladimir N.},
booktitle = {Workshop on Computational Learning Theory (COLT)},
pages = {144--152},
title = {{A Training Algorithm for Optimal Margin Classifiers}},
month = {jul},
year = {1992}
}


@inproceedings{Zhang2010a,
address = {Yantai, China},
author = {Zhang, Weizheng and Jiang, Tao and Han, Mingqin},
booktitle = {IEEE International Congress on Image and Signal Processing (CISP)},
month = {oct},
pages = {1235--1238},

title = {{Digital Camera Calibration Method Based on PhotoModeler}},

year = {2010}
}
@article{Perez2012,
author = {P{\'{e}}rez, M and Ag{\"{u}}era, F and Carvajal, F},
journal = {International Archives of the Photogrammetry, Remote Sensing and Spatial Information Sciences (ISPRS)},
keywords = {camera calibration,microdron,photomodeler scanner,uav photogrammetry,unmanned aerial vehicle},
month = {sep},
number = {C22},
pages = {167--171},
title = {{Digital Camera Calibration Using Images Taken from an Unmanned Aerial Vehicle}},

volume = {XXXVIII-1},
year = {2012}
}
@inproceedings{Rankin2006,
address = {Orlando, USA},
author = {Rankin, A L and Matthies, L H and Huertas, A},
booktitle = {24th US Army Science Conference},
month = {nov},
pages = {177--184},
title = {{Daytime Water Detection by Fusing Multiple Cues for Autonomous Off-Road Navigation}},
year = {2006}
}
@inproceedings{Zhang2010b,
address = {Istanbul, Turkey},
author = {Zhang, Hua and Guo, Xiaojie and Cao, Xiaochun},
booktitle = {IEEE International Conference on Pattern Recognition (ICPR)},
month = {aug},
pages = {633--636},

title = {{Water Reflection Detection Using a Flip Invariant Shape Detector}},
year = {2010}
}
@article{Lowe2004,
author = {Lowe, David G},
journal = {International Journal of Computer Vision (IJCV)},
keywords = {Image matching,Invariant features,Object recognition,Scale invariance},
month = {nov},
number = {2},
pages = {91--110},
pmid = {20064111},
primaryClass = {cs},
title = {{Distinctive Image Features from Scale-Invariant Keypoints}},

volume = {60},
year = {2004}
}
@inproceedings{Geiger2012,
abstract = {As a core robotic and vision problem, camera and range sensor calibration have been researched intensely over the last decades. However, robotic research efforts still often get heavily delayed by the requirement of setting up a calibrated system con...},
address = {Saint Paul, USA},
author = {Geiger, Andreas and Moosmann, Frank and Car, Omer and Schuster, Bernhard},
booktitle = {IEEE International Conference on Robotics and Automation (ICRA)},
month = {may},
pages = {3936--3943},
title = {{Automatic Camera and Range Sensor Calibration Using a Single Shot}},

year = {2012}
}
@inproceedings{Rankin2011a,
address = {Shanghai, China},
author = {Rankin, Arturo L and Matthies, Larry H and Bellutta, Paolo},
booktitle = {IEEE International Conference on Robotics and Automation (ICRA)},
month = {may},
pages = {5329--5336},
title = {{Daytime Water Detection Based on Sky Reflections}},
year = {2011}
}
@inproceedings{Mehra2016a,
address = {London, UK},
author = {Mehra, Maanit and Bagri, Aditya and Jiang, Xiaofan and Ortiz, Jorge},
booktitle = {IEEE International Conference on Sensing, Communication and Networking (SECON Workshops)},
month = {jun},
pages = {1--6},
title = {{Image Analysis for Identifying Mosquito Breeding Grounds}},

year = {2016}
}
@inproceedings{Rankin2010b,
address = {Taipei, Taiwan},
author = {Rankin, A. and Matthies, L.},
booktitle = {IEEE/RSJ International Conference on Intelligent Robots and Systems (IROS)},
month = {oct},
pages = {215--221},

title = {{Daytime Water Detection Based on Color Variation}},

year = {2010}
}
@inproceedings{Agarwal2014a,
author = {Agarwal, Ankit and Chaudhuri, Usashi and Chaudhuri, Subhasis and Seetharaman, Guna},
booktitle = {Geospatial InfoFusion and Video Analytics IV; and Motion Imagery for ISR and Situational Awareness II},
month = {jul},
number = {3},
pages = {90890M},
title = {{Detection of Potential Mosquito Breeding Sites Based on Community Sourced Geotagged Images}},

year = {2014}
}

@inproceedings{dalal2005,
address = {San Diego, USA},
author = {Dalal, Navneet and Triggs, Bill},
booktitle = {IEEE Computer Society Conference on Computer Vision and Pattern Recognition (CVPR)},
pages = {886--893},
title = {{Histograms of Oriented Gradients for Human Detection}},
year = {2005}
}


@article{Zhang2000,
author = {Zhang, Zhengyou},
journal = {IEEE Transactions on Pattern Analysis and Machine Intelligence (PAMI)},
number = {11},
pages = {1330--1334},
title = {{A Flexible New Technique for Camera Calibration}},
volume = {22},
month = {nov},
year = {2000}
}
@inproceedings{Rankin2010a,
address = {New York, USA},
author = {Rankin, Arturo and {Tonislav Ivanov}, Jplnasagov and Brennan, Shane},
booktitle = {10th Performance Metrics for Intelligent Systems Workshop},
pages = {305--311},
title = {{Evaluating the Performance of Unmanned Ground Vehicle Water Detection}},
month={sep},
year = {2010}
}
@article{Yusoff2017,
author = {Yusoff, Ahmad Razali and Ariff, M. F. M. and Idris, Khairulnizam M and Majid, Zulkepli and Chong, Albert K},
journal = {International Archives of the Photogrammetry, Remote Sensing and Spatial Information Sciences (ISPRS)},
month = {feb},
pages = {595--600},
title = {{Camera Calibration Accuracy at Different UAV Flying Heights}},

volume = {XLII-2/W3},
year = {2017}
}
@article{Zhong2013a,
author = {Zhong, Sheng-Hua and Liu, Yang and Liu, Yang and Li, Chang-Sheng},
journal = {IEEE Transactions on Image Processing (TIP)},
month = {nov},
number = {11},
pages = {4301--4313},
title = {{Water Reflection Recognition Based on Motion Blur Invariant Moments in Curvelet Space}},
volume = {22},
year = {2013}
}
@inproceedings{Prasad2015a,
address = {Patna, India},
author = {Prasad, Meghshyam G. and Chakraborty, Abhishek and Chalasani, Raviteja and Chandran, Sharat},
booktitle = {IEEE National Conference on Computer Vision, Pattern Recognition, Image Processing and Graphics (NCVPRIPG)},
month = {dec},
pages = {1--4},
title = {{Quadcopter-based Stagnant Water Identification}},

year = {2015}
}
@techreport{Zhang2000a,
abstract = {We propose a flexible new technique to easily calibrate a camera. It is well suited for use without specialized knowledge of 3D geometry or computer vision. The technique only requires the camera to observe a planar pattern shown at a few (at least two) different orientations. Either the camera or the planar pattern can be freely moved. The motion need not be known. Radial lens distortion is modeled. The proposed procedure consists of a closed-form solution, followed by a nonlinear refinement based on the maximum likelihood criterion. Both computer simulation and real data have been used to test the proposed technique, and very good results have been obtained. Compared with classical techniques which use expensive equipment such as two or three orthog- onal planes, the proposed technique is easy to use and flexible. It advances 3D computer vision one step from laboratory environments to real world use.},
address = {Redmond, WA, USA},
archivePrefix = {arXiv},
arxivId = {arXiv:1011.1669v3},
author = {Zhang, Zhengyou},
doi = {10.1109/34.888718},
eprint = {arXiv:1011.1669v3},
file = {:home/wesley.passos/.local/share/data/Mendeley Ltd./Mendeley Desktop/Downloaded/Zhang - 1998 - A Flexible New Technique for Camera Calibration.pdf:pdf},
institution = {Microsoft Research},
isbn = {MSR-TR-98-71},
issn = {01628828},
pages = {1--22},
pmid = {131},
title = {{A Flexible New Technique for Camera Calibration}},

year = {2008}
}
@inproceedings{Santana2012a,
address = {Guangzhou, China},
author = {Santana, Pedro and Mendonca, Ricardo and Barata, Jose},
booktitle = {IEEE International Conference on Robotics and Biomimetics (ROBIO)},
month = {dec},
pages = {1836--1841},
title = {{Water Detection with Segmentation Guided Dynamic Texture Recognition}},

year = {2012}
}

@inproceedings{Dias2018lars,
address = {Joao Pessoa, Brazil},
author = {Dias, Tayana and Alves, Viviane and Alves, Henrique and Pinheiro, Lucas and Pontes, Roberto and Araujo, Gabriel and Lima, Amaro and Prego, Thiago},
booktitle = {IEEE Latin American Robotic Symposium (LARS)},
month = {nov},
pages = {351--356},
title = {{Autonomous Detection of Mosquito-Breeding Habitats Using an Unmanned Aerial Vehicle}},
year = {2018}
}



@phdthesis{Lagrotta2006,
author = {Lagrotta, Marcos Thadeu Fernandes},
pages = {1--155},
school = {Funda{\c{c}}{\~{a}}o Oswaldo Cruz},
title = {{Geoprocessamento de Indicadores Entomol{\'{o}}gicos na Identifica{\c{c}}{\~{a}}o de {\'{A}}reas, Im{\'{o}}veis e Recipientes ``Chaves'' no Controle do Aedes Aegypti}},
type = {{Master's Thesis}},
year = {2006}
}

%%%%%%%%%%% Manually added

@article{jaccard1912distribution,
title={The Distribution of the Flora in the Alpine Zone},
author={Jaccard, Paul},
journal={New Phytologist},
volume={11},
number={2},
pages={37--50},
month={feb},
year={1912},
publisher={Wiley Online Library}
}

@misc{massa2018mrcnn,
author = {Massa, Francisco and Girshick, Ross},
title = {{maskrcnn-benchmark: Fast, Modular Reference Implementation of Instance Segmentation and Object Detection algorithms in PyTorch}},
year = {2018},
howpublished = {\url{https://github.com/facebookresearch/maskrcnn-benchmark}},
note = {Accessed: 2019-02-04}
}


@article{tun2009reducing,
title = {{Reducing Costs and Operational Constraints of Dengue Vector Control by Targeting Productive Breeding Places: a Multi-Country Non-Inferiority Cluster Randomized Trial}},
author = {Tun-Lin, W and Lenhart, Audrey and Nam, Vu Sinh and Rebollar-T{\'e}llez, E and Morrison, AC and Barbazan, Philippe and Cote, M and Midega, J and Sanchez, F and Manrique-Saide, P and others},
journal = {Tropical Medicine \& International Health},
volume = {14},
number = {9},
pages = {1143--1153},
month={sep},
year = {2009},
publisher = {Wiley Online Library}
}

@article{world1996chemicals,
title = {{Chemical Methods for the Control of Vectors and Pests of Public Health Importance}},
author = {{World Health Organization}},
journal = {Geneva: World Health Organization},
year = {1996}
}

@article{world2012global,
title = {{Global Strategy for Dengue Prevention and Control}},
author = {{World Health Organization}},
journal = {Geneva: World Health Organization},
year = {2012}
}

@article{Jansen2010,
title = {{The Dengue Vector Aedes aegypti: What Comes Next}},
author = {Cassie C Jansen and Nigel W Beebe},
journal = {Microbes and Infection},
volume = {12},
number = {4},
pages = {272--279},
month={apr},
year = {2010},
publisher = {Elsevier}
}

@article{bhatt2013global,
title = {{The Global Distribution and Burden of Dengue}},
author = {Bhatt, Samir and Gething, Peter W and Brady, Oliver J and Messina, Jane P and Farlow, Andrew W and Moyes, Catherine L and Drake, John M and Brownstein, John S and Hoen, Anne G and Sankoh, Osman and others},
journal = {Nature},
volume = {496},
number = {7446},
pages = {504},
month={apr},
year = {2013},
publisher = {Nature Publishing Group}
}

@article{ruckert2017,
title={Impact of Simultaneous Exposure to Arboviruses on Infection and Transmission by Aedes aegypti Mosquitoes},
author={R{\"u}ckert, Claudia and Weger-Lucarelli, James and Garcia-Luna, Selene M and Young, Michael C and Byas, Alex D and Murrieta, Reyes A and Fauver, Joseph R and Ebel, Gregory D},
journal={Nature Communications},
volume={8},
pages={1--9},
month={may},
year={2017},
publisher={Nature Publishing Group}
}

@article{newton1992model,
title = {{A Model of the Transmission of Dengue Fever with an Evaluation of the Impact of Ultra-Low Volume (ULV) Insecticide Applications on Dengue Epidemics}},
author = {Newton, Elizabeth AC and Reiter, Paul},
journal = {The American Journal of Tropical Medicine and Hygiene},
volume = {47},
number = {6},
pages = {709--720},
month = {dec},
year = {1992},
publisher = {ASTMH}
}

@misc{web:litchi,
   author = "{VC Technology Ltd}",
   title = "Litchi",
   year = "2018",
   howpublished = {https://flylitchi.com/},
 }
 
 @online{web:bodetronic,
   author = "{Bodetronic}",
   title = "{Bodetronic -- Equipe de rob\'{o}tica do CEFET}",
   year = "2018",
   howpublished = {\url{http://bodetronic.com/}},
   note = {Accessed: 2018-09-10}
 }
 
 @online{web:ffmpeg,
   author = {{FFmpeg}},
   title = {{H.264 Video Encoding Guide}},
   year = {2018},
   howpublished = {\url{https://trac.ffmpeg.org/wiki/Encode/H.264}},
   note = {Accessed: 2019-02-13}
 }
 
  @misc{web:Vezhnevets,
   author = "Vladimir Vezhnevets",
   title = "{OpenCV Calibration Object Detection}",
   year = "2005",
   howpublished = {\url{http://graphicon.ru/oldgr/en/research/calibration/opencv.html}},
   note = {Accessed: 2019-02-13}
 }
 
 
 
 
 @Misc{casfinal2018,
 author = {Andrade, G. S. and  Dias, T. M. and  Alves, V. C. and  {Alves Junior}, H. M. and Pinheiro, L. M. and Silva,  P. M. C. and Pontes, R. S. G. and Silva, B. P. and  {de Macedo}, I. B. O. and  Araujo, G. M.  and Prego, T. M.},
 title = {Fighting Back Zika, Chikungunya and Dengue: Detection of Mosquito-Breeding Habitats using An Unmanned Aerial Vehicle},
 howpublished = {IEEE CAS Student Design Competition 2017--2018 Finalist project},
 month = {may},
 year = {2018},
 OPTnote = {•},
 OPTannote = {•}
 }
 
@article{LeCun1989,
author = {LeCun, Y. and Boser, B. and Denker, J. S. and Henderson, D. and Howard, R. E. and Hubbard, W. and Jackel, L. D.},
journal = {Neural Computation},
month = {dec},
number = {4},
pages = {541--551},
title = {{Backpropagation Applied to Handwritten Zip Code Recognition}},
volume = {1},
year = {1989}
}

@article{Qian1999,
author = {Qian, Ning},
journal = {Neural Networks},
month = {jan},
number = {1},
pages = {145--151},
title = {{On The Momentum Term in Gradient Descent Learning Algorithms}},
volume = {12},
year = {1999}
}

@article{Russakovsky2015,
author = {Russakovsky, Olga and Deng, Jia and Su, Hao and Krause, Jonathan and Satheesh, Sanjeev and Ma, Sean and Huang, Zhiheng and Karpathy, Andrej and Khosla, Aditya and Bernstein, Michael and Berg, Alexander C. and Fei-Fei, Li},
journal = {International Journal of Computer Vision (IJCV)},
month = {apr},
number = {3},
pages = {211--252},
title = {{ImageNet Large Scale Visual Recognition Challenge}},
volume = {115},
year = {2015}
}


 
@article{Ren2017fasterpami,
author = {Ren, Shaoqing and He, Kaiming and Girshick, Ross and Sun, Jian},
journal = {IEEE Transactions on Pattern Analysis and Machine Intelligence (PAMI)},
number = {6},
pages = {1137--1149},
title = {{Faster R-CNN: Towards Real-Time Object Detection with Region Proposal Networks}},
volume = {39},
month = {jun},
year = {2017}
}

 
@article{opencv_library,
    author = {Bradski, G.},
    citeulike-article-id = {2236121},
    journal = {Dr. Dobb's Journal of Software Tools},
    keywords = {bibtex-import},
    posted-at = {2008-01-15 19:21:54},
    priority = {4},
    title = {{The OpenCV Library}},
    year = {2000}
}

@inproceedings{Krizhevsky2012,
address = {Lake Tahoe, USA},
author = {Krizhevsky, Alex and Sutskever, Ilya and Hinton, Geoffrey E},
booktitle = {Advances in Neural Information Processing systems (NeurIPS)},
month = {dec},
pages = {1097--1105},
title = {{ImageNet Classification with Deep Convolutional Neural Networks}},
year = {2012}
}

@inproceedings{taigman2014,
address = {Columbus, USA},
author = {Taigman, Y and Yang, M and Ranzato, M and Wolf, L},
booktitle = {IEEE Conference on Computer Vision and Pattern Recognition (CVPR)},
month = {jun},
pages = {1701--1708},
title = {{DeepFace: Closing the Gap to Human-Level Performance in Face Verification}},
year = {2014}
}

@inproceedings{Ioffe2015,
address = {Lille, France},
author = {Ioffe, Sergey and Szegedy, Christian},
booktitle = {International Conference on Machine Learning (ICML)},
month = {jul},
pages = {448--456},
title = {{Batch Normalization: Accelerating Deep Network Training by Reducing Internal Covariate Shift}},
year = {2015}
}


@inproceedings{schroff2015facenet,
address = {Boston, USA},
author = {Schroff, Florian and Kalenichenko, Dmitry and Philbin, James},
booktitle = {IEEE Conference on Computer Vision and Pattern Recognition (CVPR)},
month = {jun},
pages = {815--823},
title = {{FaceNet: A Unified Embedding for Face Recognition and Clustering}},
year = {2015}
}

@inproceedings{Liu2016,
address = {Amsterdam, Netherlands},
author = {Liu, Wei and Anguelov, Dragomir and Erhan, Dumitru and Szegedy, Christian and Reed, Scott and Fu, Cheng-Yang and Berg, Alexander C.},
booktitle = {European Conference on Computer Vision (ECCV)},
month = {oct},
pages = {21--37},
title = {{SSD: Single Shot MultiBox Detector}},
year = {2016}
}

@inproceedings{Dai2016,
address = {Barcelona, Spain},
author = {Dai, Jifeng and Li, Yi and He, Kaiming and Sun, Jian},
booktitle = {Advances in Neural Information Processing Systems (NeurIPS)},
pages = {379--387},
month = {dec},
title = {{R-FCN: Object Detection via Region-based Fully Convolutional Networks}},
year = {2016}
}




@inproceedings{Passos2018face,
address = {Campina Grande, Brazil},
author = {Wesley L Passos and Igor M Quintanilha and Gabriel M Araujo},
booktitle = {Simp\'{o}sio Brasileiro de Telecomunica\c{c}\~{o}es e Processamento de Sinais (SBrT)},
month = {sep},
pages = {895--899},
title = {{Real-Time Deep-Learning-Based System for Facial Recognition}},
year = {2018}
}

@inproceedings{He2014SPP,
address = {Zurich, Germany},
author = {He, Kaiming and Zhang, Xiangyu and Ren, Shaoqing and Sun, Jian},
booktitle = {European Conference on Computer Vision (ECCV)},
month = {sep},
pages = {346--361},
title = {{Spatial Pyramid Pooling in Deep Convolutional Networks for Visual Recognition}},
year = {2014}
}

@inproceedings{Chen2015drive,
address = {Santiago, Chile},
author = {Chen, Chenyi and Seff, Ari and Kornhauser, Alain and Xiao, Jianxiong},
booktitle = {IEEE International Conference on Computer Vision (ICCV)},
month = {dec},
pages = {2722--2730},
title = {{DeepDriving: Learning Affordance for Direct Perception in Autonomous Driving}},
year = {2015}
}



@inproceedings{He2016deep,
address = {Las Vegas, USA},
author = {He, Kaiming and Zhang, Xiangyu and Ren, Shaoqing and Sun, Jian},
title = {{Deep Residual Learning for Image Recognition}},
booktitle = {IEEE Conference on Computer Vision and Pattern Recognition (CVPR)},
month = {jun},
pages = {770--778},
year = {2016}
}

@inproceedings{Huang2017,
address = {Honolulu, USA},
author = {Huang, Jonathan and Rathod, Vivek and Sun, Chen and Zhu, Menglong and Korattikara, Anoop and Fathi, Alireza and Fischer, Ian and Wojna, Zbigniew and Song, Yang and Guadarrama, Sergio and Murphy, Kevin},
booktitle = {IEEE Conference on Computer Vision and Pattern Recognition (CVPR)},
month = {jul},
pages = {3296--3297},
title = {{Speed/Accuracy Trade-Offs for Modern Convolutional Object Detectors}},
year = {2017}
}


@inproceedings{Lin2017pyramid,
address = {Honolulu, USA},
author = {Lin, Tsung-Yi and Dollar, Piotr and Girshick, Ross and He, Kaiming and Hariharan, Bharath and Belongie, Serge},
booktitle = {IEEE Conference on Computer Vision and Pattern Recognition (CVPR)},
month = {jul},
pages = {936--944},
title = {{Feature Pyramid Networks for Object Detection}},
year = {2017}
}

@inproceedings{He2017mask,
address = {Venice, Italy},
author = {He, Kaiming and Gkioxari, Georgia and Dollar, Piotr and Girshick, Ross},
booktitle = {IEEE International Conference on Computer Vision (ICCV)},
month = {oct},
pages = {2980--2988},
title = {{Mask R-CNN}},
year = {2017}
}

@inproceedings{Girshick2014rich,
address = {Columbus, USA},
author = {Girshick, Ross and Donahue, Jeff and Darrell, Trevor and Malik, Jitendra},
booktitle = {IEEE Conference on Computer Vision and Pattern Recognition (CVPR)},
month = {jun},
pages = {580--587},
title = {{Rich Feature Hierarchies for Accurate Object Detection and Semantic Segmentation}},
year = {2014}
}

@inproceedings{Simonyan2015VGG,
address = {San Diego, USA},
author = {Simonyan, Karen and Zisserman, Andrew},
booktitle = {International Conference on Learning Representations (ICLR)},
month = {may},
pages = {1--14},
title = {{Very Deep Convolutional Networks for Large-Scale Image Recognition}},
year = {2015}
}


@inproceedings{Girshick2015,
address = {Santiago, Chile},
author = {Girshick, Ross},
booktitle = {IEEE International Conference on Computer Vision (ICCV)},
month = {dec},
pages = {1440--1448},
title = {{Fast R-CNN}},
year = {2015}
}

@inproceedings{He2015,
address = {Santiago, Chile},
author = {He, Kaiming and Zhang, Xiangyu and Ren, Shaoqing and Sun, Jian},
booktitle = {IEEE International Conference on Computer Vision (ICCV)},
month = {dec},
pages = {1026--1034},
title = {{Delving Deep into Rectifiers: Surpassing Human-Level Performance on ImageNet Classification}},
year = {2015}
}


@inproceedings{Girshick2015DPM,
address = {Boston, USA},
author = {Girshick, Ross and Iandola, Forrest and Darrell, Trevor and Malik, Jitendra},
booktitle = {IEEE Conference on Computer Vision and Pattern Recognition (CVPR)},
month = {jun},
pages = {437--446},
title = {{Deformable Part Models are Convolutional Neural Networks}},
year = {2015}
}

@inproceedings{Redmon2016,
address = {Las Vegas, USA},
author = {Redmon, Joseph and Divvala, Santosh and Girshick, Ross and Farhadi, Ali},
booktitle = {IEEE Conference on Computer Vision and Pattern Recognition (CVPR)},
month = {jun},
pages = {779--788},
title = {{You Only Look Once: Unified, Real-Time Object Detection}},
year = {2016}
}

@inproceedings{Afonso2018vdao,
address = {Athens, Greece},
author = {Bruno M Afonso and Lucas P Cinelli and Lucas A Thomaz and Allan F da Silva and Eduardo A B da Silva and Sergio L Netto },
booktitle = {IEEE International Conference on Image Processing (ICIP)},
month = {oct},
pages = {2296--2300},
title = {{Moving-Camera Video Surveillance in Cluttered Environments Using Deep Features}},
year = {2018}
}


@inproceedings{Xie2017ResneXt,
address = {Honolulu, USA},
author = {Xie, Saining and Girshick, Ross and Dollar, Piotr and Tu, Zhuowen and He, Kaiming},
booktitle = {IEEE Conference on Computer Vision and Pattern Recognition (CVPR)},
month = {jul},
pages = {5987--5995},
publisher = {IEEE},
title = {{Aggregated Residual Transformations for Deep Neural Networks}},
year = {2017}
}

@article{Robbins1951,
author = {Herbert Robbins and Sutton Monro},
journal = {The Annals of Mathematical Statistics},
month = {sep},
number = {3},
pages = {400--407},
title = {{Stochastic Approximation Method}},
volume = {22},
year = {1951}
}

@article{Shelhamer2017,
author = {Shelhamer, Evan and Long, Jonathan and Darrell, Trevor},
journal = {IEEE Transactions on Pattern Analysis and Machine Intelligence (PAMI)},
month = {apr},
number = {4},
pages = {640--651},
title = {{Fully Convolutional Networks for Semantic Segmentation}},
volume = {39},
year = {2017}
}

@article{He2018mask,
author = {He, Kaiming and Gkioxari, Georgia and Dollar, Piotr and Girshick, Ross},
journal = {IEEE Transactions on Pattern Analysis and Machine Intelligence (PAMI)},
month = {jun},
number = {},
pages = {1},
title = {{Mask R-CNN}},
volume = {},
year = {2018}
}



@article{Everingham10,
author = {Everingham, M. and Van~Gool, L. and Williams, C. K. I. and Winn, J. and Zisserman, A.},
journal = {International Journal of Computer Vision (IJCV)},
month = {jun},
number = {2},
pages = {303--338},
title = {{The Pascal Visual Object Classes (VOC) Challenge}},
volume = {88},
year = {2010}
}


@article{Uijlings2013ss,
author = {Uijlings, J. R.R. and {Van De Sande}, K. E.A. and Gevers, T. and Smeulders, A. W.M.},
journal = {International Journal of Computer Vision (IJCV)},
month = {sep},
number = {2},
pages = {154--171},
pmid = {24920543},
title = {{Selective Search for Object Recognition}},
volume = {104},
year = {2013}
}



@article{Hosang2016,
author = {Hosang, Jan and Benenson, Rodrigo and Dollar, Piotr and Schiele, Bernt},
journal = {IEEE Transactions on Pattern Analysis and Machine Intelligence (PAMI)},
month = {apr},
number = {4},
pages = {814--830},
title = {{What Makes for Effective Detection Proposals?}},
volume = {38},
year = {2016}
}

@unpublished{MSCOCO2014,
author = {Tsung{-}Yi Lin and Michael Maire and Serge J Belongie and Lubomir D Bourdev and Ross B Girshick and James Hays and Pietro Perona and Deva Ramanan and Piotr Doll{\'{a}}r and C Lawrence Zitnick},
title = {Microsoft {COCO:} Common Objects in Context},
month = {feb},
note  = {eprint arXiv:1405.0312v3},
volume    = {abs/1405.0312},
year      = {2015},
}

@unpublished{Sermanet2014,
author = {Pierre Sermanet and David Eigen and Xiang Zhang and Michael Mathieu and Rob Fergus and Yann LeCun},
title = {OverFeat: Integrated Recognition, Localization and Detection using Convolutional Networks},
month = {feb},
note  = {eprint arXiv:1312.6229v4},
volume    = {abs/1312.6229},
year      = {2014},
}

@article{Shrivastava2016skip,
author = {Shrivastava, Abhinav and Sukthankar, Rahul and Malik, Jitendra and Gupta, Abhinav},
title = {{Beyond Skip Connections: Top-Down Modulation for Object Detection}},
archivePrefix = {arXiv},
month = {sep},
note  = {eprint arXiv:1612.06851v2},
year = {2017}
}


@article{Girshick2016RCNN,
author = {Girshick, Ross and Donahue, Jeff and Darrell, Trevor and Malik, Jitendra},
title = {{Region-Based Convolutional Networks for Accurate Object Detection and Segmentation}},
journal = {IEEE Transactions on Pattern Analysis and Machine Intelligence (PAMI)},
number = {1},
pages = {142--158},
volume = {38},
month = {may},
year = {2016}
}

############### Mosquitoes chapter

@article{watts1987effect,
author={Watts, Douglas M and Burke, Donald S and Harrison, Bruce A and Whitmire, Richard E and Nisalak, Ananda},
title={Effect of Temperature on the Vector Efficiency of Aedes aegypti for Dengue 2 Virus},
journal={The American Journal of Tropical Medicine and Hygiene},
number={1},
pages={143--152},
volume={36},
month={jan},
year={1987},
publisher={ASTMH}
}

@article{focks1995simulation,
author={Focks, Dana A and Daniels, Eric and Haile, Dan G and Keesling, James E},
title={A Simulation Model of the Epidemiology of Urban Dengue Fever: Literature Analysis, Model Development, Preliminary Validation, and Samples of Simulation Results},
journal={The American Journal of Tropical Medicine and Hygiene},
number={5},
pages={489--506},
volume={53},
month={nov},
year={1995},
publisher={ASTMH}
}

@article{patz1998dengue,
author={Patz, Jonathan A and Martens, WJ and Focks, Dana A and Jetten, Theo H},
title={Dengue Fever Epidemic Potential as Projected by General Circulation Models of Global Climate Change},
journal={Environmental Health Perspectives},
number={3},
pages={147--153},
volume={106},
month={mar},
year={1998},
publisher={National Institute of Environmental Health Science}
}

@article{arcari2007regional,
author={Arcari, Paula and Tapper, Nigel and Pfueller, Sharron},
title={Regional Variability in Relationships Between Climate and Dengue/DHF in Indonesia},
journal={Singapore Journal of Tropical Geography},
number={3},
pages={251--272},
volume={28},
month={oct},
year={2007},
publisher={Wiley Online Library}
}

@article{Halstead2007dengue,
author={Halstead, S B},
title={Dengue},
journal={The Lancet},
number={9599},
pages={1644--1652},
volume={370},
month = {nov},
year={2007},
publisher={Elsevier}
}

@article{morin2013climate,
author={Morin, Cory W and Comrie, Andrew C and Ernst, Kacey},
title={Climate and Dengue Transmission: Evidence and Implications},
journal={Environmental Health Perspectives},
number={11-12},
pages={1264--1272},
volume={121},
month = {nov-dec},
year={2013},
publisher={National Institute of Environmental Health Sciences}
}

@article{araujo2015aedes,
author={Ara{\'u}jo, Helena and Carvalho, Danilo and Ioshino, Rafaella and Costa-da-Silva, Andr{\'e} and Capurro, Margareth},
title={Aedes aegypti Control strategies in Brazil: Incorporation of New technologies to Overcome the Persistence of Dengue Epidemics},
journal={Insects},
number={2},
pages={576--594},
volume={6},
month={jun},
year={2015},
publisher={Multidisciplinary Digital Publishing Institute}
}

@article{monath1994dengue,
author={Monath, Thomas P},
title={Dengue: The Risk to Developed and Developing Countries},
journal={Proceedings of the National Academy of Sciences},
number={7},
pages={2395--2400},
volume={91},
month = {mar},
year={1994},
publisher={National Academy Sciences}
}


@article{liu2016climate,
author={Liu-Helmersson, Jing and Quam, Mikkel and Wilder-Smith, Annelies and Stenlund, Hans and Ebi, Kristie and Massad, Eduardo and Rockl{\"o}v, Joacim},
title={{Climate Change and Aedes Vectors: 21st Century Projections for Dengue Transmission in Europe}},
journal={EBioMedicine},

pages={267--277},
volume={7},
month = {may},
year={2016},
publisher={Elsevier}
}

@article{lambrechts2012vector,
author={Lambrechts, Louis and Failloux, Anna-Bella},
title={Vector Biology Prospects in Dengue Research},
journal={Mem{\'o}rias do Instituto Oswaldo Cruz},

pages={1080--1082},
volume={107},
number={8},
month = {dec},
year={2012},
publisher={SciELO Brasil}
}


@article{rigau1998dengue,
author={Rigau-P{\'e}rez, Jos{\'e} G and Clark, Gary G and Gubler, Duane J and Reiter, Paul and Sanders, Eduard J and Vorndam, A Vance},
title={Dengue and Dengue Haemorrhagic fever},
journal={The Lancet},
pages={971--977},

volume={352},
number={9132},
month = {sep},
year={1998},
publisher={Elsevier}
}

@article{teixeira2009dengue,
author={Teixeira, Maria Gl{\'o}ria and Costa, Maria da Concei{\c{c}}{\~a}o N and Barreto, Florisneide and Barreto, Maur{\'\i}cio Lima},
title={Dengue: Twenty-five Years Since Reemergence in Brazil},
journal={Cadernos de Sa{\'u}de P{\'u}blica},
pages={S7--18},
volume={25},
number={1 Suppl},
month={jul},
year={2009},
publisher={SciELO Brasil}
}

@article{staples2009chikungunya,
author={Staples, J Erin and Breiman, Robert F and Powers, Ann M},
title={Chikungunya Fever: An Epidemiological Review of a Re-Emerging Infectious Disease},
journal={Clinical Infectious Diseases},
pages={942--948},
volume={49},
number={6},
month = {sep},
year={2009},
publisher={The University of Chicago Press}
}

@article{guzman2010dengue,
author={Guzman, Maria G and Halstead, Scott B and Artsob, Harvey and Buchy, Philippe and Farrar, Jeremy and Gubler, Duane J and Hunsperger, Elizabeth and Kroeger, Axel and Margolis, Harold S and Mart{\'\i}nez, Eric and others},
title={Dengue: a Continuing Global Threat},
journal={Nature Reviews Microbiology},
pages={S7--16},
volume={8},
number={12 Suppl},
month = {dec},
year={2010},
publisher={Nature Publishing Group}
}

@article{camara2011dynamic,
author={C{\^a}mara, Fernando Portela and Gomes, Ana Luisa Bessa Bacellar and Carvalho, Luiz Max Fagundes de and Castello, Luiz Gustavo Veloso},
title={Dynamic Behavior of Sylvatic Yellow Fever in Brazil (1954-2008)},
journal={Revista da Sociedade Brasileira de Medicina Tropical},
pages={297--299},
volume={44},
number={3},
year={2011},
month={jun},
publisher={SciELO Brasil}
}



@article{petersen2016zika,
author={Petersen, Lyle R and Jamieson, Denise J and Powers, Ann M and Honein, Margaret A},
title={Zika Virus},
journal={New England Journal of Medicine},
pages={1552--1563},
volume={374},
number={16},
month = {apr},
year={2016},
publisher={Mass Medical Soc}
}


@online{web:who2014dengue,
author = "{World Health Organization}",
title = "{Dengue and Severe Dengue}",
year = "2014",
howpublished = {\url{https://www.who.int/news-room/fact-sheets/detail/dengue-and-severe-dengue}},
note = {Accessed: 2019-02-04}
}

@online{web:who2016zika,
author = "{World Health Organization}",
title = "{Zika Virus, Microcephaly and Guillain-Barré Syndrome Situation Report}",
year = "2016",
howpublished = {\url{http://www.searo.who.int/bhutan/who-zika-situation-report_25-08-2016.pdf}},
note = {Accessed: 2019-02-04}
}

@online{web:who2017chik,
author = "{World Health Organization}",
title = "{Chikungunya}",
year = "2017",
howpublished = {\url{https://www.who.int/news-room/fact-sheets/detail/chikungunya}},
note = {Accessed: 2019-02-05}
}

@online{web:MSyellowfever,
author = "{Ministério da Saúde}",
title = "{Febre Amarela: Sintomas, Tratamento, Diagnóstico e Prevenção}",
year = "2018",
howpublished = {\url{http://portalms.saude.gov.br/saude-de-a-z/febre-amarela-sintomas-transmissao-e-prevencao}},
note = {Accessed: 2019-02-05}
}

 @online{web:pncdbrasil,
   author = "{Brasil}",
   title = "{Programa Nacional de Controle da Dengue}",
   year = "2018",
   howpublished = {\url{http://bvsms.saude.gov.br/bvs/politicas/programa_nacional_controle_dengue.pdf}},
   note = {Accessed: 2018-09-10}
 }
 
 @online{web:aedesfiocruz,
   author = "{Brasil. Instituto Oswaldo Cruz}",
   title = "{Dengue, Vírus e Vetor. Curiosidades sobre o Aedes aegypti}",
   howpublished = {\url{http://www.ioc.fiocruz.br/dengue/textos/curiosidades.html}},
   note = {Accessed: 2019-02-11}
 }
 
@online{web:brasil2018liraa,
author = "{Brasil. Ministério da Saúde}",
title = "{RN: 131 Municípios em Situação de Alerta ou Risco para Dengue, Zika e Chikungunya}",
year = "2018",
howpublished = {\url{http://portalms.saude.gov.br/noticias/agencia-saude/
44921-rn-131-municipios-em-situacao-de-alerta-ou-risco-para-dengue-zika-e-chikungunya}},
note = {Accessed: 2019-02-05}
}
 
 @Misc{brasil2002dengue,
 author = {{Brasil. Ministerio da Saude. Fundacao Nacional de Saude}},
 title = {Dengue: Aspectos Epidemiol{\'o}gicos, Diagn{\'o}stico e Tratamento},
 howpublished = {\url{http://bvsms.saude.gov.br/bvs/publicacoes/dengue_aspecto_epidemiologicos_diagnostico_tratamento.pdf}},
 note = {Accessed: 2019-02-04},
 month = {may},
 year = {2002},
 OPTnote = {•},
 OPTannote = {•}
 }
 
  @Misc{brasil2009diretrizes,
 author = {{Brasil. Ministério da Saúde.}},
 title = {Diretrizes Nacionais para a Prevenção e Controlede Epidemias de Dengue},
 howpublished = {\url{http://bvsms.saude.gov.br/bvs/publicacoes/diretrizes_nacionais_prevencao_controle_dengue.pdf}},
 note = {Accessed: 2019-02-06},
 year = {2009},
 OPTnote = {•},
 OPTannote = {•}
 }
 
 @Misc{world2004global,
 author = {{World Health Organization}},
 title = {Global Strategic Framework for Integrated Vector Management},
 howpublished = {\url{https://apps.who.int/iris/bitstream/handle/10665/68624/WHO_CDS_CPE_PVC_2004_10.pdf;jsessionid=8EC26B0544508FBA237A98060DC739FC?sequence=1}},
 note = {Accessed: 2019-02-06},
 year = {2004},
 OPTnote = {•},
 OPTannote = {•}
 }
 
 @Misc{brasil2017msresolution,
 author = {{Brasil. Ministério da Saúde.}},
 title = {{Resolução N. 12 de 26 de janeiro de 2017}},
 howpublished = {\url{http://www.conass.org.br/wp-content/uploads/2017/02/CIT12-2017.pdf}},
 note = {Accessed: 2019-02-09},
 month = {jan},
 year = {2017},
 OPTnote = {•},
 OPTannote = {•}
 }
 
 @Misc{brasil2013LIRAa,
 author = {{Brasil. Ministério da Saúde. Secretaria de Vigilância em Saúde. Departamento de Vigilância das Doenças Transmissíveis}},
 title = {{Levantamento Rápido de Índices para Aedes Aegypti (LIRAa) para vigilância entomológica do Aedes aegypti no Brasil: metodologia para avaliação dos índices de Breteau e Predial e tipo de recipientes}},
 howpublished = {\url{http://bvsms.saude.gov.br/bvs/publicacoes/manual_liraa_2013.pdf}},
 note = {Accessed: 2019-02-09},
 year = {2013},
 OPTnote = {•},
 OPTannote = {•}
 }
 
 
 @Misc{rj2018epid52018,
 author = {{Rio de Janeiro. Secretaria de estado de Saúde do Rio de Janeiro}},
 title = {{Informe Epidemiológico 005/2018}},
 howpublished = {\url{http://www.riocontradengue.com.br/Publico/MostrarArquivo.aspx?C=1px5ZbL6UIM%3D}},
 note = {Accessed: 2019-02-09},
 year = {2018},
 OPTnote = {•},
 OPTannote = {•}
 }
 
  @Misc{PAHO2017zika,
 author = {{Pan American Health Organization. World Health Organization. Brasil.}},
 title = {{Perguntas e Respostas Sobre o Vírus Zika e suas Consequências}},
 howpublished = {\url{https://www.paho.org/bra/index.php?option=com_content&view=article&id=5292:perguntas-e-respostas-sobre-o-virus-zika-e-suas-consequencias&Itemid=882}},
 note = {Accessed: 2019-02-04},
 month = {fev},
 year = {2017},
 OPTnote = {•},
 OPTannote = {•}
 }

###############





 